@article{yan-xu-rastinehad-wood,
	author    = {Pingkun Yan and
		Sheng Xu and
		Ardeshir R. Rastinehad and
		Bradford J. Wood},
	title     = {Adversarial Image Registration with Application for {MR} and {TRUS}
		Image Fusion},
	journal   = {CoRR},
	volume    = {abs/1804.11024},
	year      = {2018},
	url       = {http://arxiv.org/abs/1804.11024},
	eprinttype = {arXiv},
	eprint    = {1804.11024},
	timestamp = {Mon, 13 Aug 2018 16:46:30 +0200},
	biburl    = {https://dblp.org/rec/journals/corr/abs-1804-11024.bib},
	bibsource = {dblp computer science bibliography, https://dblp.org}
}

@misc{GAN,
	doi = {10.48550/ARXIV.1406.2661},
	
	url = {https://arxiv.org/abs/1406.2661},
	
	author = {Goodfellow, Ian J. and Pouget-Abadie, Jean and Mirza, Mehdi and Xu, Bing and Warde-Farley, David and Ozair, Sherjil and Courville, Aaron and Bengio, Yoshua},
	
	keywords = {Machine Learning (stat.ML), Machine Learning (cs.LG), FOS: Computer and information sciences, FOS: Computer and information sciences},
	
	title = {Generative Adversarial Networks},
	
	publisher = {arXiv},
	
	year = {2014},
	
	copyright = {arXiv.org perpetual, non-exclusive license}
}

@misc{WGAN,
	doi = {10.48550/ARXIV.1701.07875},
	
	url = {https://arxiv.org/abs/1701.07875},
	
	author = {Arjovsky, Martin and Chintala, Soumith and Bottou, LÃ©on},
	
	keywords = {Machine Learning (stat.ML), Machine Learning (cs.LG), FOS: Computer and information sciences, FOS: Computer and information sciences},
	
	title = {Wasserstein {GAN}},
	
	publisher = {arXiv},
	
	year = {2017},
	
	copyright = {arXiv.org perpetual, non-exclusive license}
}

@article{SpatialTransformerNetworks,
	author    = {Max Jaderberg and
		Karen Simonyan and
		Andrew Zisserman and
		Koray Kavukcuoglu},
	title     = {Spatial Transformer Networks},
	journal   = {CoRR},
	volume    = {abs/1506.02025},
	year      = {2015},
	url       = {http://arxiv.org/abs/1506.02025},
	eprinttype = {arXiv},
	eprint    = {1506.02025},
	timestamp = {Mon, 13 Aug 2018 16:49:02 +0200},
	biburl    = {https://dblp.org/rec/journals/corr/JaderbergSZK15.bib},
	bibsource = {dblp computer science bibliography, https://dblp.org}
}

@ARTICLE{christensen-johnson,
	author={Christensen, G.E. and Johnson, H.J.},
	journal={IEEE Transactions on Medical Imaging}, 
	title={Consistent image registration}, 
	year={2001},
	volume={20},
	number={7},
	pages={568-582},
	doi={10.1109/42.932742}}

@article{ResNet,
	author    = {Kaiming He and
		Xiangyu Zhang and
		Shaoqing Ren and
		Jian Sun},
	title     = {Deep Residual Learning for Image Recognition},
	journal   = {CoRR},
	volume    = {abs/1512.03385},
	year      = {2015},
	url       = {http://arxiv.org/abs/1512.03385},
	eprinttype = {arXiv},
	eprint    = {1512.03385},
	timestamp = {Wed, 17 Apr 2019 17:23:45 +0200},
	biburl    = {https://dblp.org/rec/journals/corr/HeZRS15.bib},
	bibsource = {dblp computer science bibliography, https://dblp.org}
}

@book{goshtasby2005,
	author = {Goshtasby, A. Ardeshir},
	title = {2-D and 3-D Image Registration: For Medical, Remote Sensing, and Industrial Applications},
	year = {2005},
	isbn = {0471649546},
	publisher = {Wiley-Interscience},
	address = {USA}
}
