@inbook{goreinov_2010,
  title = {How to {{Find}} a {{Good Submatrix}}},
  booktitle = {Matrix {{Methods}}: {{Theory}}, {{Algorithms}} and {{Applications}}},
  author = {Goreinov, S. A. and Oseledets, I. V. and Savostyanov, D. V. and Tyrtyshnikov, E. E. and Zamarashkin, N. L.},
  year = {2010},
  month = apr,
  pages = {247--256},
  publisher = {{WORLD SCIENTIFIC}},
  doi = {10.1142/9789812836021_0015},
  urldate = {2023-11-07},
  collaborator = {Olshevsky, Vadim and Tyrtyshnikov, Eugene},
  isbn = {978-981-283-601-4 978-981-283-602-1},
  langid = {english},
  file = {C:\Users\hauck\Zotero\storage\V888MT3M\08-10.pdf}
}
