@misc{gallier_2023,
  title = {{{CIS}} 5150 {{Lecture Notes}}},
  author = {Gallier, Jean},
  year = {2023},
  journal = {CIS 5150 Course Notes and Slides},
  urldate = {2023-12-06},
  howpublished = {https://www.cis.upenn.edu/\textasciitilde cis5150/cis515-11-sl3.pdf},
  file = {C:\Users\hauck\Zotero\storage\RWDU3D32\cis515-11-sl3.pdf}
}

@phdthesis{schewchuk_1994,
  title = {An {{Introduction}} to the {{Conjugate Gradient Method Without}} the {{Agonizing Pain}}},
  author = {Schewchuk, Jonathan},
  year = {1994},
  month = aug,
  urldate = {2023-12-06},
  school = {Carnegie Mellon University},
  file = {C:\Users\hauck\Zotero\storage\PSSTJ4YD\painless-conjugate-gradient.pdf}
}
